<?xml version="1.0" encoding="UTF-8"?><collection xmlns="http://www.loc.gov/MARC21/slim"><record><leader>00589nam--2200193-u-4500</leader><controlfield tag="001">000054980</controlfield><controlfield tag="002">20161230</controlfield><controlfield tag="005">20161230201051</controlfield><controlfield tag="008">120717s1000------------r-----000-0-rus-d</controlfield><datafield ind1=" " ind2=" " tag="040"><subfield code="a">IFIN-HH</subfield></datafield><datafield ind1=" " ind2=" " tag="041"><subfield code="a">rus</subfield></datafield><datafield ind1=" " ind2=" " tag="080"><subfield code="a">541.139:539.182:539.194</subfield></datafield><datafield ind1="1" ind2=" " tag="100"><subfield code="a">Tsukerblat, B.S</subfield></datafield><datafield ind1="1" ind2="0" tag="245"><subfield code="a">Magnetohimia i radio-spektroskopia obmennih klasterov</subfield><subfield code="b">Magnetochemistry and radio-spectroscopy of exchange clusters</subfield><subfield code="c">B.s. tsukerblat, m.i. belinskii</subfield></datafield><datafield ind1=" " ind2=" " tag="260"><subfield code="a">Kisinev</subfield><subfield code="b">Stiinta</subfield><subfield code="c">1983</subfield></datafield><datafield ind1=" " ind2=" " tag="300"><subfield code="a">280P</subfield></datafield><datafield ind1="1" ind2=" " tag="700"><subfield code="a">Belinskii, M.I</subfield></datafield><datafield ind1=" " ind2=" " tag="852"><subfield code="a">71520</subfield><subfield code="c">539.19</subfield></datafield><datafield ind1=" " ind2=" " tag="CAT"><subfield code="a">Sys</subfield><subfield code="c">20120717</subfield><subfield code="h">145213</subfield></datafield></record></collection>